@article{roitman2002response,
  title={Response of neurons in the lateral intraparietal area during a combined visual discrimination reaction time task},
  author={Roitman, Jamie D and Shadlen, Michael N},
  journal={Journal of neuroscience},
  volume={22},
  number={21},
  pages={9475--9489},
  year={2002},
  publisher={Soc Neuroscience}
}